<?xml version="1.0" encoding="UTF-8"?><collection xmlns="http://www.loc.gov/MARC21/slim"><record><leader>00558nam--2200205-i-4500</leader><controlfield tag="001">000036846</controlfield><controlfield tag="002">20161230</controlfield><controlfield tag="005">20161230201041</controlfield><controlfield tag="008">060222s1000------------r-----000-0-fre-d</controlfield><datafield ind1=" " ind2=" " tag="040"><subfield code="a">IFIN-HH</subfield></datafield><datafield ind1=" " ind2=" " tag="041"><subfield code="a">fre</subfield></datafield><datafield ind1=" " ind2=" " tag="080"><subfield code="a">537.8</subfield></datafield><datafield ind1="1" ind2=" " tag="100"><subfield code="a">Poincare, H</subfield></datafield><datafield ind1="1" ind2="0" tag="245"><subfield code="a">La theorie de maxwell et les oscillations hertziennes</subfield><subfield code="b">La telegraphie sans fil</subfield><subfield code="c">H. poincare</subfield></datafield><datafield ind1=" " ind2=" " tag="250"><subfield code="a">Troisieme Edtition</subfield></datafield><datafield ind1=" " ind2=" " tag="260"><subfield code="a">Paris</subfield><subfield code="b">Gauthier-villars Et Cie, Editeurs</subfield><subfield code="c">1925</subfield></datafield><datafield ind1=" " ind2=" " tag="300"><subfield code="a">97P</subfield></datafield><datafield ind1=" " ind2=" " tag="490"><subfield code="a">Scientia</subfield></datafield><datafield ind1=" " ind2=" " tag="852"><subfield code="a">1965</subfield><subfield code="c">H.H</subfield></datafield><datafield ind1=" " ind2=" " tag="CAT"><subfield code="a">Sys</subfield><subfield code="c">20130326</subfield><subfield code="h">103629</subfield></datafield></record></collection>